@article{lloyd2018quantum,
  title={Quantum generative adversarial learning},
  author={Lloyd, Seth and Weedbrook, Christian},
  journal={Physical review letters},
  volume={121},
  number={4},
  pages={040502},
  year={2018},
  publisher={APS}
}

@article{benedetti2019adversarial,
  title={Adversarial quantum circuit learning for pure state approximation},
  author={Benedetti, Marcello and Grant, Edward and Wossnig, Leonard and Severini, Simone},
  journal={New Journal of Physics},
  volume={21},
  number={4},
  pages={043023},
  year={2019},
  publisher={IOP Publishing}
}

@article{zeng2019learning,
  title={Learning and inference on generative adversarial quantum circuits},
  author={Zeng, Jinfeng and Wu, Yufeng and Liu, Jin-Guo and Wang, Lei and Hu, Jiangping},
  journal={Physical Review A},
  volume={99},
  number={5},
  pages={052306},
  year={2019},
  publisher={APS}
}

@article{zoufal2019quantum,
  title={Quantum generative adversarial networks for learning and loading random distributions},
  author={Zoufal, Christa and Lucchi, Aur{\'e}lien and Woerner, Stefan},
  journal={npj Quantum Information},
  volume={5},
  number={1},
  pages={1--9},
  year={2019},
  publisher={Nature Publishing Group}
}

@article{ahmed2021quantum,
  title={Quantum state tomography with conditional generative adversarial networks},
  author={Ahmed, Shahnawaz and Mu{\~n}oz, Carlos S{\'a}nchez and Nori, Franco and Kockum, Anton Frisk},
  journal={Physical Review Letters},
  volume={127},
  number={14},
  pages={140502},
  year={2021},
  publisher={APS}
}

@article{niu2022entangling,
  title={Entangling quantum generative adversarial networks},
  author={Niu, Murphy Yuezhen and Zlokapa, Alexander and Broughton, Michael and Boixo, Sergio and Mohseni, Masoud and Smelyanskyi, Vadim and Neven, Hartmut},
  journal={Physical Review Letters},
  volume={128},
  number={22},
  pages={220505},
  year={2022},
  publisher={APS}
}

@article{li2021quantum,
  title={Quantum generative models for small molecule drug discovery},
  author={Li, Junde and Topaloglu, Rasit O and Ghosh, Swaroop},
  journal={IEEE transactions on quantum engineering},
  volume={2},
  pages={1--8},
  year={2021},
  publisher={IEEE}
}

@article{nakaji2010quantum,
  title={Quantum semi-supervised generative adversarial network for enhanced data classification. arXiv 2020},
  author={Nakaji, K and Yamamoto, N},
  journal={arXiv preprint arXiv:2010.13727}
}

@article{herr2021anomaly,
  title={Anomaly detection with variational quantum generative adversarial networks},
  author={Herr, Daniel and Obert, Benjamin and Rosenkranz, Matthias},
  journal={Quantum Science and Technology},
  volume={6},
  number={4},
  pages={045004},
  year={2021},
  publisher={IOP Publishing}
}